% Encoding: UTF-8

@article{beaman2014additive,
  title={Additive manufacturing (AM) and 3D printing},
  author={Beaman, Joseph and Bourell, Dave and Wallace, Darrell},
  journal={Journal of Manufacturing Science and Engineering},
  volume={136},
  number={6},
  year={2014},
  publisher={American Society of Mechanical Engineers Digital Collection}
}

@article{bechtold20163d,
  title={3D printing, intellectual property and innovation policy},
  author={Bechtold, Stefan},
  journal={IIC-International Review of Intellectual Property and Competition Law},
  volume={47},
  number={5},
  pages={517--536},
  year={2016},
  publisher={Springer}
}

@misc{reprapWebsite, 
title={RepRap Project},
url={https://reprap.org/wiki/RepRap}, 
journal={RepRap project}
}

@article{paraskevoudis2020real,
  title={Real-Time 3D Printing Remote Defect Detection (Stringing) with Computer Vision and Artificial Intelligence},
  author={Paraskevoudis, Konstantinos and Karayannis, Panagiotis and Koumoulos, Elias P},
  journal={Processes},
  volume={8},
  number={11},
  pages={1464},
  year={2020},
  publisher={Multidisciplinary Digital Publishing Institute}
}

@article{sauramo2014proliferation,
  title={The proliferation of a new-market disruptive innovation: case personal 3D printers},
  author={Sauramo, Heljo and others},
  year={2014}
}
@Misc{bayesianPythonPackage,
    author = {Fernando Nogueira},
    title = {{Bayesian Optimization}: Open source constrained global optimization tool for {Python}},
    year = {2014--},
    url = " https://github.com/fmfn/BayesianOptimization"
}

@article{garrido2020dealing,
  title={Dealing with categorical and integer-valued variables in bayesian optimization with gaussian processes},
  author={Garrido-Merch{\'a}n, Eduardo C and Hern{\'a}ndez-Lobato, Daniel},
  journal={Neurocomputing},
  volume={380},
  pages={20--35},
  year={2020},
  publisher={Elsevier}
}

@article{gordeev2018improvement,
  title={Improvement of quality of 3D printed objects by elimination of microscopic structural defects in fused deposition modeling},
  author={Gordeev, Evgeniy G and Galushko, Alexey S and Ananikov, Valentine P},
  journal={PloS one},
  volume={13},
  number={6},
  pages={e0198370},
  year={2018},
  publisher={Public Library of Science San Francisco, CA USA}
}

@article{khan2020real,
  title={Real-time defect detection in 3D printing using machine learning},
  author={Khan, Mohammad Farhan and Alam, Aftaab and Siddiqui, Mohammad Ateeb and Alam, Mohammad Saad and Rafat, Yasser and Salik, Nehal and Al-Saidan, Ibrahim},
  journal={Materials Today: Proceedings},
  year={2020},
  publisher={Elsevier}
}

@article{hernandez2015factors,
  title={Factors affecting dimensional precision of consumer 3D printing},
  author={Hernandez, David D},
  journal={International Journal of Aviation, Aeronautics, and Aerospace},
  volume={2},
  number={4},
  pages={2},
  year={2015}
}


@article{nuchitprasitchai2017factors,
  title={Factors effecting real-time optical monitoring of fused filament 3D printing},
  author={Nuchitprasitchai, Siranee and Roggemann, Michael and Pearce, Joshua M},
  journal={Progress in Additive Manufacturing},
  volume={2},
  number={3},
  pages={133--149},
  year={2017},
  publisher={Springer}
}

@article{jin2020automated,
  title={Automated real-time detection and prediction of interlayer imperfections in additive manufacturing processes using artificial intelligence},
  author={Jin, Zeqing and Zhang, Zhizhou and Gu, Grace X},
  journal={Advanced Intelligent Systems},
  volume={2},
  number={1},
  pages={1900130},
  year={2020},
  publisher={Wiley Online Library}
}

@article{perez2017effectiveness,
  title={The effectiveness of data augmentation in image classification using deep learning},
  author={Perez, Luis and Wang, Jason},
  journal={arXiv preprint arXiv:1712.04621},
  year={2017}
}

@article{jin2019autonomous,
  title={Autonomous in-situ correction of fused deposition modeling printers using computer vision and deep learning},
  author={Jin, Zeqing and Zhang, Zhizhou and Gu, Grace X},
  journal={Manufacturing Letters},
  volume={22},
  pages={11--15},
  year={2019},
  publisher={Elsevier}
}

@Misc{statistaMaterial,
  author       = {Statista},
  title        = {Worldwide most used 3D printing materials, as of July 2018},
  howpublished = {On-line: \url{https://www.statista.com/statistics/800454/worldwide-most-used-3d-printing-materials/#:~:text=As\%20of\%20that\%20time\%2C\%20polylactic,most\%20used\%203D\%20printing\%20material.}},
  year         = {Accessed: 11/04/2021},
}

@Misc{gcodeRepRap,
  author       = {RepRap},
  title        = {G-Code},
  howpublished = {On-line: \url{https://reprap.org/wiki/G-code}},
  year         = {Accessed: 25/04/2021},
}

@article{frazier2018tutorial,
  title={A tutorial on Bayesian optimization},
  author={Frazier, Peter I},
  journal={arXiv preprint arXiv:1807.02811},
  year={2018}
}

@book{molnar2019,
  title      = {Interpretable Machine Learning},
  author     = {Christoph Molnar},
  note       = {\url{https://christophm.github.io/interpretable-ml-book/}},
  year       = {2019},
  subtitle   = {A Guide for Making Black Box Models Explainable}
}

@Misc{teachingTechCalibration,
  author       = {TeachingTech},
  title        = {3D Printer Calibration},
  howpublished = {On-line: \url{https://teachingtechyt.github.io/calibration.html#retraction}},
  year         = {Accessed: 26/04/2021},
}

@Misc{economicalStringingTest,
  author       = {s3sebastian},
  title        = {Ultrafast and economical stringing test},
  howpublished = {On-line: \url{https://www.thingiverse.com/thing:2219103}},
  year         = {Accessed: 28/04/2021},
}

@article{karlsson2020continuous,
  title={Continuous surrogate-based optimization algorithms are well-suited for expensive discrete problems},
  author={Karlsson, Rickard and Bliek, Laurens and Verwer, Sicco and de Weerdt, Mathijs},
  journal={arXiv preprint arXiv:2011.03431},
  year={2020}
}

@article{larson2019derivative,
  title={Derivative-free optimization methods},
  author={Larson, Jeffrey and Menickelly, Matt and Wild, Stefan M},
  journal={arXiv preprint arXiv:1904.11585},
  year={2019}
}

@misc{nevergrad,
    author = {J. Rapin and O. Teytaud},
    title = {{Nevergrad - A gradient-free optimization platform}},
    year = {2018},
    publisher = {GitHub},
    journal = {GitHub repository},
    howpublished = {\url{https://GitHub.com/FacebookResearch/Nevergrad}},
}

@article{agnihotri2020exploring,
  author = {Agnihotri, Apoorv and Batra, Nipun},
  title = {Exploring Bayesian Optimization},
  journal = {Distill},
  year = {2020},
  note = {https://distill.pub/2020/bayesian-optimization},
  doi = {10.23915/distill.00026}
}

@article{rios2013derivative,
  title={Derivative-free optimization: a review of algorithms and comparison of software implementations},
  author={Rios, Luis Miguel and Sahinidis, Nikolaos V},
  journal={Journal of Global Optimization},
  volume={56},
  number={3},
  pages={1247--1293},
  year={2013},
  publisher={Springer}
}

@Misc{buyersGuideEnder,
  author       = {all3dp},
  title        = {Best 3D Printers 2021; 3D Printer Buyers Guide},
  howpublished = {On-line: \url{https://all3dp.com/1/best-3d-printer-reviews-top-3d-printers-home-3-d-printer-3d/#creality-ender-3}},
  year         = {Accessed: 28/04/2021},
}

@Misc{buyersGuideEnder2,
  author       = {Top Tech Now},
  title        = {TOP 5: Best 3D Printers 2021},
  howpublished = {On-line: \url{https://www.youtube.com/watch?v=0-xHrTbT1Ck}},
  year         = {Accessed: 28/04/2021},
}

@Misc{smartCalibrationTower,
  author       = {Zolee Gaa},
  title        = {Smart compact temperature calibration tower},
  howpublished = {On-line: \url{https://www.thingiverse.com/thing:2729076}},
  year         = {Accessed: 04/05/2021},
}

@Misc{exponentialBackoff,
  author       = {Wikipedia (yes, that's intentional)},
  title        = {Exponential backoff},
  howpublished = {On-line: \url{https://en.wikipedia.org/wiki/Exponential_backoff}},
  year         = {Accessed: 05/05/2021},
}

@Misc{printTemperatureSetting,
  author       = {all3dp},
  title        = {The Perfect PLA Print & Bed Temperature},
  howpublished = {On-line: \url{https://all3dp.com/2/the-best-pla-print-temperature-how-to-achieve-it/
}},
  year         = {Accessed: 06/05/2021},
}

@Misc{flowRateSetting,
  author       = {all3dp},
  title        = {Cura Extrusion Multiplier: 5 Ways to Improve Your Prints},
  howpublished = {On-line: \url{https://all3dp.com/2/extrusion-multiplier-cura-ways-to-improve-your-prints/
}},
  year         = {Accessed: 06/05/2021},
}

@Misc{spaghettiDetective,
  author       = {Spaghetti Detective},
  title        = {Print Defect Recognition},
  howpublished = {On-line: \url{https://www.thespaghettidetective.com
}},
  year         = {Accessed: 06/05/2021},
}

@article{jones2011reprap,
  title={RepRap--the replicating rapid prototyper},
  author={Jones, Rhys and Haufe, Patrick and Sells, Edward and Iravani, Pejman and Olliver, Vik and Palmer, Chris and Bowyer, Adrian},
  journal={Robotica},
  volume={29},
  number={1},
  pages={177--191},
  year={2011},
  publisher={Cambridge University Press}
}